00590cas a22002291a 4500
001 999309883502836
003 Nz
005 20161223153128.0
008 040109c19929999nz  r ne      0   0 eng d
035    $a (NLNZils)930988
035    $a (Nz)8177390
035    $a (NLNZils)930988-ilsdb
035    $a (OCoLC)173422399
040    $a WN $c WN
042    $a nznb
043    $a u-nz---
245 00 $a Ohope drift.
260    $a [Ohope, N.Z. : $b s.n., $c 1992-]
362 0  $a 1992 Feb.-
500    $a Issued 5 times a year.
651  0 $a Ohope Beach (N.Z.) $v Newspapers.
655  7 $a New Zealand newspapers. $2 local $5 Nz
